
@Misc{sandvine,
    author = {Sandvine},
    title = {{Global Internet Phenomena Report: 1H 2014}},
    howpublished = {{https://www.sandvine.com/downloads/general/global-internet-phenomena\linebreak{}/2014/1h-2014-global-internet-phenomena-report.pdf}},
    year = {2014}
}

@Misc{reventador,
    author = {Harvard Sensor Networks Lab},
    title = {{Volcano monitoring}},
    howpublished = {{http://fiji.eecs.harvard.edu/Volcano}},
    year = {2008}
}
