@InCollection{iotcluster15,
	author       = {O. Vermesan and others},
	title        = {{Internet of Things beyond the Hype: Research, Innovation and Deployment}},
	chapter      = {3},
	pages        = {15-118},
	booktitle    = {Building the Hyperconnected Society - IoT Research and Innovation Value Chains, Ecosystems and Markets},
	publisher    = {River Publishers},
	year         = {2015}
}

@Online{reventador,
    author       = {Harvard Sensor Networks Lab},
    title        = {{Volcano monitoring}},
    year         = {2008},
    howpublished = {\url{http://fiji.eecs.harvard.edu/Volcano}}
}

@Online{ieee-802.15.4,
    author       = {IEEE Standards Association},
    title        = {{IEEE 802.15.4: Low-Rate Wireless Personal Area
Networks (LR-WPANs)}},
    year         = {2011},
    howpublished = {\url{http://standards.ieee.org/getieee802/download/802.15.4-2011.pdf}}
}

@article{gubbi-iot-vision,
   author = {Gubbi, J. and Buyya, R. and Marusic, S. and Palaniswami, M.},
   title = {Internet of Things (IoT): A vision, architectural elements, and future directions},
   journal = {Future Generation Computer Systems-the International Journal of Grid Computing and Escience},
   volume = {29},
   number = {7},
   pages = {1645-1660},
   ISSN = {0167-739X},
   DOI = {10.1016/j.future.2013.01.010},
   year = {2013},
   type = {Journal Article}
}

@article{chan-smart-home-review,
   author = {Chan, M. and Esteve, D. and Escriba, C. and Campo, E.},
   title = {A review of smart homes - Present state and future challenges},
   journal = {Computer Methods and Programs in Biomedicine},
   volume = {91},
   number = {1},
   pages = {55-81},
   ISSN = {0169-2607},
   DOI = {10.1016/j.cmpb.2008.02.001},
   year = {2008},
   type = {Journal Article}
}

@article{gungor-smart-grid-survey,
   author = {Gungor, V. C. and Sahin, D. and Kocak, T. and Ergut, S. and Buccella, C. and Cecati, C. and Hancke, G. P.},
   title = {{A Survey on Smart Grid Potential Applications and Communication Requirements}},
   journal = {IEEE Transactions on Industrial Informatics},
   volume = {9},
   number = {1},
   pages = {28-42},
   ISSN = {1551-3203},
   DOI = {10.1109/tii.2012.2218253},
   year = {2013},
   type = {Journal Article}
}

@article{gungor-smart-grid-technologies,
   author = {Gungor, V. C. and Sahin, D. and Kocak, T. and Ergut, S. and Buccella, C. and Cecati, C. and Hancke, G. P.},
   title = {{Smart Grid Technologies: Communication Technologies and Standards}},
   journal = {IEEE Transactions on Industrial Informatics},
   volume = {7},
   number = {4},
   pages = {529-539},
   ISSN = {1551-3203},
   DOI = {10.1109/tii.2011.2166794},
   year = {2011},
   type = {Journal Article}
}

@Online{rfc6282,
    author       = {Internet Engineering Task Force},
    title        = {{RFC 6282: Compression Format for IPv6 Datagrams over IEEE 802.15.4-Based Networks}},
    month        = sep,
    year         = 2011,
    howpublished = {\url{https://tools.ietf.org/html/rfc6282}}
}

@Online{rfc4291,
    author       = {Internet Engineering Task Force},
    title        = {{RFC 4291: IP Version 6 Addressing Architecture}},
    month        = feb,
    year         = 2006,
    howpublished = {\url{https://tools.ietf.org/html/rfc4291}}
}

@Online{rfc6550,
    author       = {Internet Engineering Task Force},
    title        = {{RFC 6550: RPL: IPv6 Routing Protocol for Low-Power and Lossy Networks}},
    month        = mar,
    year         = 2012,
    howpublished = {\url{https://tools.ietf.org/html/rfc6550}}
}

@Online{rfc4862,
    author       = {Internet Engineering Task Force},
    title        = {{RFC 4862: IPv6 Stateless Address Autoconfiguration}},
    month        = sep,
    year         = 2007,
    howpublished = {\url{https://tools.ietf.org/html/rfc4862}}
}

@Online{sandvine,
    author       = {Sandvine},
    title        = {{Global Internet Phenomena Report: 2H 2014}},
    howpublished = {\url{https://www.sandvine.com/downloads/general/global-internet-phenomena/2014/2h-2014-global-internet-phenomena-report.pdf}},
    year         = 2014
}

@Online{bep3,
	author       = {B. Cohen},
	title        = {{The BitTorrent Protocol Specification}},
	month        = oct,
	year         = 2011,
	howpublished = {\url{http://www.bittorrent.org/beps/bep_0003.html}}
}

@Online{bep15,
	author       = {O. van der Spek},
	title        = {{UDP Tracker Protocol for BitTorrent}},
	month        = mar,
	year         = 2015,
	howpublished = {\url{http://www.bittorrent.org/beps/bep_0015.html}}
}

@Online{bt-ldp,
	author       = {Wikipedia},
	title        = {{Local Peer Discovery}},
	howpublished = {\url{https://en.wikipedia.org/wiki/Local_Peer_Discovery}},
	note         = {visited on 2015-07-25}
}

@Online{zigduino-manual,
	author       = {Logos Electromechanical},
	title        = {{Zigduino r2 Manual}},
	month        = may,
	year         = 2013,
	howpublished = {\url{http://wiki.logos-electro.com/zigduino-r2-manual}}
}

@Online{tmote-sky-manual,
	author       = {Moteiv Corporation},
	title        = {{TMote Sky: Datasheet}},
	OPTmonth     = jun,
	year         = 2006,
	howpublished = {\url{http://www.eecs.harvard.edu/~konrad/projects/shimmer/references/tmote-sky-datasheet.pdf}}
}

@inproceedings{contiki,
   author = {Dunkels, A. and Gronvall, B. and Voigt, T.},
   title = {{Contiki - a lightweight and flexible operating system for tiny networked sensors}},
   booktitle = {29th Annual IEEE Conference on Local Computer Networks},
   series = {Proceedings - Conference on Local Computer Networks},
   address = {LOS ALAMITOS},
   publisher = {IEEE Computer Soc},
   pages = {455-462},
   ISBN = {0-7695-2260-2},
   year = {2004},
   type = {Conference Proceedings}
}

@article{looci,
   author = {Hughes, D. and others},
   title = {{LooCI: the Loosely-coupled Component Infrastructure}},
   journal = {2012 11th IEEE International Symposium on Network Computing and Applications (NCA)},
   pages = {236-243},
   DOI = {10.1109/nca.2012.30},
   year = {2012},
   type = {Journal Article}
}

@inproceedings{deluge,
   author = {Hui, Jonathan W. and Culler, David},
   title = {{The Dynamic Behavior of a Data Dissemination Protocol for Network Programming at Scale}},
   booktitle = {Proceedings of the 2nd International Conference on Embedded Networked Sensor Systems},
   series = {SenSys '04},
   year = {2004},
   isbn = {1-58113-879-2},
   location = {Baltimore, MD, USA},
   pages = {81--94},
   numpages = {14},
   doi = {10.1145/1031495.1031506},
   acmid = {1031506},
   publisher = {ACM},
   address = {New York, NY, USA}
}

@inbook{trickle,
   author = {Levis, P. and Patel, N. and Culler, D. and Shenker, S.},
   title = {{Trickle: a self-regulating algorithm for code propagation and maintenance in wireless sensor networks}},
   booktitle = {First Symposium on Networked Systems Design and Implementation},
   publisher = {USENIX Assoc.},
   pages = {15-28},
   ISBN = {1-931971-19-6},
   year = {2004},
   type = {Book Section}
}

@article{tinytorrents,
   author = {Mc Goldrick, C. and others},
   title = {{TinyTorrents - Integrating Peer-to-Peer and Wireless Sensor Networks}},
   journal = {Wons 2009: Sixth International Conference on Wireless on-Demand Network Systems and Services},
   pages = {109-116},
   year = {2009},
   type = {Journal Article}
}

@inbook{p2p-swarm-loading,
   author = {Bosling, M. and Redmann, T. and Tekam, J. and Weingartner, E. and Wehrle, K.},
   title = {{Can P2P swarm loading improve the robustness of 6LoWPAN data transfer?}},
   booktitle = {2012 9th Annual Conference on Wireless On-demand Network Systems and Services},
   publisher = {IEEE},
   pages = {131-134},
   ISBN = {978-1-4577-1721-5},
   DOI = {10.1109/wons.2012.6152218},
   year = {2012},
   type = {Book Section}
}

@article{wang-reprogramming,
   author = {Wang, Q. and Zhu, Y. Y. and Cheng, L.},
   title = {{Reprogramming wireless sensor networks: Challenges and approaches}},
   journal = {IEEE Network},
   volume = {20},
   number = {3},
   pages = {48-55},
   ISSN = {0890-8044},
   year = {2006},
   type = {Journal Article}
}

@article{han-sensor-update-survey,
   author = {Chih-Chieh, Han and Kumar, R. and Shea, R. and Srivastava, M.},
   title = {{Sensor network software update management: a survey}},
   journal = {International Journal of Network Management},
   volume = {15},
   number = {4},
   pages = {283-294},
   ISSN = {1055-7148},
   DOI = {10.1002/nem.574},
   year = {2005},
   type = {Journal Article}
}

@inproceedings{cooja,
   author = {Osterlind, F. and Dunkels, A. and Eriksson, J. and Finne, N. and Voigt, T.},
   title = {{Cross-level sensor network simulation with COOJA}},
   booktitle = {31st Annual IEEE Conference on Local Computer Networks},
   series = {Proceedings - Conference on Local Computer Networks},
   address = {NEW YORK},
   publisher = {IEEE},
   pages = {641-648},
   ISBN = {978-1-4244-0418-6},
   year = {2006},
   type = {Conference Proceedings}
}
@inproceedings{tossim,
 author = {Levis, Philip and Lee, Nelson and Welsh, Matt and Culler, David},
 title = {TOSSIM: Accurate and Scalable Simulation of Entire TinyOS Applications},
 booktitle = {Proceedings of the 1st International Conference on Embedded Networked Sensor Systems},
 series = {SenSys '03},
 year = {2003},
 isbn = {1-58113-707-9},
 location = {Los Angeles, California, USA},
 pages = {126--137},
 numpages = {12},
 doi = {10.1145/958491.958506},
 acmid = {958506},
 publisher = {ACM},
 address = {New York, NY, USA},
 keywords = {TOSSIM, sensor networks, tinyOS},
} 